@article{benjamin2021,
    author = {Martín Gómez, Benjamín},
    title = {Detección de ciberataques de denegación de servicio mediante Funciones Características},
    year = {2021},
    pages = {62},
}

